<?xml version="1.0" encoding="UTF-8"?><collection xmlns="http://www.loc.gov/MARC21/slim"><record><leader>00396nam--2200121-i-4500</leader><controlfield tag="001">000002098</controlfield><controlfield tag="002">20161230</controlfield><controlfield tag="005">20161230201024</controlfield><controlfield tag="008">060222s1000------------r-----000-0-eng-d</controlfield><datafield ind1=" " ind2=" " tag="100"><subfield code="a">Freymann, Rene</subfield></datafield><datafield ind1=" " ind2=" " tag="245"><subfield code="a">Spectre infrarouge et structure moleculaire. etude des forces intramoleculaire par la pertubation des frequences infrarouges ou raman</subfield></datafield><datafield ind1=" " ind2=" " tag="260"><subfield code="a">Paris, Cnrs,1947. Vi + 98 P</subfield></datafield><datafield ind1=" " ind2=" " tag="852"><subfield code="a">10695</subfield></datafield></record></collection>